@preamble{ " \newcommand{\noop}[1]{} " }
@article{article:Thom2008,
author = {Thom, Alex J. W. and Head-Gordon, Martin},
doi = {10.1103/PhysRevLett.101.193001},
journal = {Physical Review Letters},
month = {nov},
number = {19},
pages = {193001},
title = {{Locating Multiple Self-Consistent Field Solutions: An Approach Inspired by Metadynamics}},
url = {https://link.aps.org/doi/10.1103/PhysRevLett.101.193001},
volume = {101},
year = {2008}
}
@article{article:Thom2009b,
	author = {Thom, Alex J. W. and Head-Gordon, Martin},
	doi = {10.1063/1.3236841},
	journal = {The Journal of Chemical Physics},
	month = {sep},
	number = {12},
	pages = {124113},
	title = {{Hartreeâ€“Fock solutions as a quasidiabatic basis for nonorthogonal configuration interaction}},
	url = {http://aip.scitation.org/doi/10.1063/1.3236841},
	volume = {131},
	year = {2009}
}
@article{article:inpreparation-Huynh2019,
	author = {Huynh, Bang C. and Thom, Alex J. W.},
	title = {{Symmetry in Multiple Self-Consistent-Field Solutions of Transition-Metal Complexes}},
	year = "\noop{3001}Manuscript in preparation"
}